<?xml version="1.0" encoding="UTF-8"?>
<zs:searchRetrieveResponse xmlns:zs="http://www.loc.gov/zing/srw/">
  <zs:version>1.1</zs:version>
  <zs:numberOfRecords>7</zs:numberOfRecords>
  <zs:records>
    <zs:record>
      <zs:recordSchema/>
      <zs:recordPacking>xml</zs:recordPacking>
      <zs:recordData>
        <record xmlns="http://www.loc.gov/MARC21/slim">
          <leader>01393cam a22003134a 4500</leader>
          <controlfield tag="001">13275878</controlfield>
          <controlfield tag="005">20160422100044.0</controlfield>
          <controlfield tag="008">030715s2004    enkab    b    001 0 eng  </controlfield>
          <datafield tag="906" ind1=" " ind2=" ">
            <subfield code="a">7</subfield>
            <subfield code="b">cbc</subfield>
            <subfield code="c">orignew</subfield>
            <subfield code="d">1</subfield>
            <subfield code="e">ocip</subfield>
            <subfield code="f">20</subfield>
            <subfield code="g">y-gencatlg</subfield>
          </datafield>
          <datafield tag="925" ind1="0" ind2=" ">
            <subfield code="a">acquire</subfield>
            <subfield code="b">1 shelf copy</subfield>
            <subfield code="x">policy default</subfield>
          </datafield>
          <datafield tag="925" ind1="1" ind2=" ">
            <subfield code="a">acquire</subfield>
            <subfield code="b">2 shelf copies</subfield>
            <subfield code="x">policy default</subfield>
          </datafield>
          <datafield tag="955" ind1=" " ind2=" ">
            <subfield code="a">pc21 2003-07-15 to ASCD</subfield>
            <subfield code="c">jf05 2003-07-16 to subj.</subfield>
            <subfield code="a">jf09 2003-07-16 to art for NK?</subfield>
            <subfield code="d">jh12 2003-07-17 /jh21 to SL</subfield>
            <subfield code="e">jh09 to Dewey 2003-07-22</subfield>
            <subfield code="a">aa08 2003-07-22</subfield>
            <subfield code="a">ps13 2004-03-16 1 copy rec'd., to CIP ver.</subfield>
            <subfield code="f">pv07 2004-04-01 CIP ver. to BCCD</subfield>
            <subfield code="a">jb18 2004-04-29 Copy 2 to BCCD</subfield>
          </datafield>
          <datafield tag="010" ind1=" " ind2=" ">
            <subfield code="a">  2003057842</subfield>
          </datafield>
          <datafield tag="020" ind1=" " ind2=" ">
            <subfield code="a">0754609812 (alk. paper)</subfield>
          </datafield>
          <datafield tag="040" ind1=" " ind2=" ">
            <subfield code="a">DLC</subfield>
            <subfield code="c">DLC</subfield>
            <subfield code="d">DLC</subfield>
          </datafield>
          <datafield tag="042" ind1=" " ind2=" ">
            <subfield code="a">pcc</subfield>
          </datafield>
          <datafield tag="043" ind1=" " ind2=" ">
            <subfield code="a">a-cc---</subfield>
          </datafield>
          <datafield tag="050" ind1="0" ind2="0">
            <subfield code="a">NK5183.A1</subfield>
            <subfield code="b">G58 2004</subfield>
          </datafield>
          <datafield tag="082" ind1="0" ind2="0">
            <subfield code="a">748.2/0951</subfield>
            <subfield code="2">22</subfield>
          </datafield>
          <datafield tag="245" ind1="0" ind2="0">
            <subfield code="a">Pure brightness shines everywhere :</subfield>
            <subfield code="b">the glass of China /</subfield>
            <subfield code="c">edited by Emily Byrne Curtis ; with essays by Ricardo Joppert, Ma Wenkuan, and Daphne Lange Rosenzweig.</subfield>
          </datafield>
          <datafield tag="246" ind1="3" ind2="0">
            <subfield code="a">Glass of China</subfield>
          </datafield>
          <datafield tag="260" ind1=" " ind2=" ">
            <subfield code="a">Aldershot, Hants, England ;</subfield>
            <subfield code="a">Burlington, Vt. :</subfield>
            <subfield code="b">Ashgate,</subfield>
            <subfield code="c">c2004.</subfield>
          </datafield>
          <datafield tag="300" ind1=" " ind2=" ">
            <subfield code="a">xix, 134 p. :</subfield>
            <subfield code="b">ill. (some col.), map ;</subfield>
            <subfield code="c">30 cm.</subfield>
          </datafield>
          <datafield tag="504" ind1=" " ind2=" ">
            <subfield code="a">Includes bibliographical references (p. 125-128) and index.</subfield>
          </datafield>
          <datafield tag="650" ind1=" " ind2="0">
            <subfield code="a">Glassware</subfield>
            <subfield code="z">China.</subfield>
          </datafield>
          <datafield tag="700" ind1="1" ind2=" ">
            <subfield code="a">Curtis, Emily Byrne.</subfield>
          </datafield>
          <datafield tag="700" ind1="1" ind2=" ">
            <subfield code="a">Joppert, Ricardo.</subfield>
          </datafield>
          <datafield tag="700" ind1="1" ind2=" ">
            <subfield code="a">Wenkuan, Ma.</subfield>
          </datafield>
          <datafield tag="700" ind1="1" ind2=" ">
            <subfield code="a">Rosenzweig, Daphne,</subfield>
            <subfield code="d">1941-</subfield>
          </datafield>
        </record>
      </zs:recordData>
      <zs:recordPosition>1</zs:recordPosition>
    </zs:record>