
    <zs:record>
      <zs:recordSchema/>
      <zs:recordPacking>xml</zs:recordPacking>
      <zs:recordData>
        <record xmlns="http://www.loc.gov/MARC21/slim">
          <leader>03342cam a2200397 i 4500</leader>
          <controlfield tag="001">21124235</controlfield>
          <controlfield tag="005">20200130114723.0</controlfield>
          <controlfield tag="008">190808s2020    nyua     b    001 0 eng  </controlfield>
          <datafield tag="906" ind1=" " ind2=" ">
            <subfield code="a">7</subfield>
            <subfield code="b">cbc</subfield>
            <subfield code="c">orignew</subfield>
            <subfield code="d">1</subfield>
            <subfield code="e">ecip</subfield>
            <subfield code="f">20</subfield>
            <subfield code="g">y-gencatlg</subfield>
          </datafield>
          <datafield tag="925" ind1="0" ind2=" ">
            <subfield code="a">acquire</subfield>
            <subfield code="b">1 shelf copy</subfield>
            <subfield code="x">policy default</subfield>
          </datafield>
          <datafield tag="955" ind1=" " ind2=" ">
            <subfield code="b">rk11 2019-08-08</subfield>
            <subfield code="i">rk11 2019-08-08 to Dewey</subfield>
            <subfield code="w">xm09 2019-08-08</subfield>
            <subfield code="a">xn17 2020-01-27 1 copy rec'd., to CIP ver.</subfield>
            <subfield code="f">rk11 2020-01-30 to CALM</subfield>
          </datafield>
          <datafield tag="010" ind1=" " ind2=" ">
            <subfield code="a">  2019034978</subfield>
          </datafield>
          <datafield tag="020" ind1=" " ind2=" ">
            <subfield code="a">9781472427106</subfield>
            <subfield code="q">(hardback)</subfield>
          </datafield>
          <datafield tag="020" ind1=" " ind2=" ">
            <subfield code="z">9781003000440</subfield>
            <subfield code="q">(ebook)</subfield>
          </datafield>
          <datafield tag="040" ind1=" " ind2=" ">
            <subfield code="a">DLC</subfield>
            <subfield code="b">eng</subfield>
            <subfield code="e">rda</subfield>
            <subfield code="c">DLC</subfield>
            <subfield code="d">DLC</subfield>
          </datafield>
          <datafield tag="042" ind1=" " ind2=" ">
            <subfield code="a">pcc</subfield>
          </datafield>
          <datafield tag="043" ind1=" " ind2=" ">
            <subfield code="a">a-cc---</subfield>
          </datafield>
          <datafield tag="050" ind1="0" ind2="0">
            <subfield code="a">NK720</subfield>
            <subfield code="b">.C87 2020</subfield>
          </datafield>
          <datafield tag="082" ind1="0" ind2="0">
            <subfield code="a">745.0951/03</subfield>
            <subfield code="2">23</subfield>
          </datafield>
          <datafield tag="100" ind1="1" ind2=" ">
            <subfield code="a">Curtis, Emily Byrne,</subfield>
            <subfield code="e">author.</subfield>
          </datafield>
          <datafield tag="245" ind1="1" ind2="0">
            <subfield code="a">Chinese-Islamic works of art, 1644-1912 :</subfield>
            <subfield code="b">a study of some Qing dynasty examples /</subfield>
            <subfield code="c">Emily Byrne Curtis ; with essays by Dr. Shelly Xue and Dr. Ricardo Joppert.</subfield>
          </datafield>
          <datafield tag="264" ind1=" " ind2="1">
            <subfield code="a">New York :</subfield>
            <subfield code="b">Routledge,</subfield>
            <subfield code="c">2020.</subfield>
          </datafield>
          <datafield tag="300" ind1=" " ind2=" ">
            <subfield code="a">xiii, 128 pages :</subfield>
            <subfield code="b">illustrations ;</subfield>
            <subfield code="c">26 cm</subfield>
          </datafield>
          <datafield tag="336" ind1=" " ind2=" ">
            <subfield code="a">text</subfield>
            <subfield code="b">txt</subfield>
            <subfield code="2">rdacontent</subfield>
          </datafield>
          <datafield tag="336" ind1=" " ind2=" ">
            <subfield code="a">still image</subfield>
            <subfield code="b">sti</subfield>
            <subfield code="2">rdacontent</subfield>
          </datafield>
          <datafield tag="337" ind1=" " ind2=" ">
            <subfield code="a">unmediated</subfield>
            <subfield code="b">n</subfield>
            <subfield code="2">rdamedia</subfield>
          </datafield>
          <datafield tag="338" ind1=" " ind2=" ">
            <subfield code="a">volume</subfield>
            <subfield code="b">nc</subfield>
            <subfield code="2">rdacarrier</subfield>
          </datafield>
          <datafield tag="520" ind1=" " ind2=" ">
            <subfield code="a">"Chinese-Islamic studies have concentrated thus far on the arts of earlier periods with less attention paid to works from the Qing Dynasty (1644-1912). This book focuses on works of Chinese-Islamic art from the late seventeenth century to the present day and bring to the reader's attention several new areas for consideration. The book examines glass wares which were probably made for a local Chinese-Muslim clientele, illustrating a fascinating mixture of traditional Chinese and Muslim craft traditions. While the inscriptions on them can be related directly to the mosque lamps of the Arab world, their form and style of decoration is characteristically that of Han Chinese. Several contemporary Chinese Muslim artists have succeeded in developing a unique fusion of calligraphic styles from both cultures. Other works examined include enamels, porcelains, and interior painted snuff bottles, with emphasis on either those with Arabic inscriptions, or on works by Chinese Muslim artists. The book includes a chapter written by Dr. Shelly Xue and an addendum written by Dr. Riccardo Joppert. This book will appeal to scholars working in art history, religious studies, Chinese studies, Chinese history, religious history, and material culture"--</subfield>
            <subfield code="c">Provided by publisher.</subfield>
          </datafield>
          <datafield tag="504" ind1=" " ind2=" ">
            <subfield code="a">Includes bibliographical references (pages 115-123) and index.</subfield>
          </datafield>
          <datafield tag="505" ind1="0" ind2=" ">
            <subfield code="a">The arrival of Muslim artisans in China -- A confluence of different cultures -- Qing dynasty Chinese glass with Islamic influences : a study of some examples -- Qing dynasty glass with Arabic inscriptions : their European derivations -- Porcelains for the Islamic market -- Cloisonné enamel wares -- Jade from Khotan -- Interior painted snuff bottles : a Chinese-Muslim master -- Chinese and Islamic calligraphy : a harmonious blend.</subfield>
          </datafield>
          <datafield tag="650" ind1=" " ind2="0">
            <subfield code="a">Islamic art objects</subfield>
            <subfield code="z">China.</subfield>
          </datafield>
          <datafield tag="650" ind1=" " ind2="0">
            <subfield code="a">Decorative arts</subfield>
            <subfield code="z">China</subfield>
            <subfield code="x">History</subfield>
            <subfield code="y">Ming-Qing dynasties, 1368-1912.</subfield>
          </datafield>
          <datafield tag="650" ind1=" " ind2="0">
            <subfield code="a">Muslim artisans</subfield>
            <subfield code="z">China.</subfield>
          </datafield>
          <datafield tag="700" ind1="1" ind2=" ">
            <subfield code="a">Xue, Lü,</subfield>
            <subfield code="d">1981-</subfield>
          </datafield>
          <datafield tag="700" ind1="1" ind2=" ">
            <subfield code="a">Joppert, Ricardo.</subfield>
          </datafield>
          <datafield tag="776" ind1="0" ind2="8">
            <subfield code="i">Online version:</subfield>
            <subfield code="a">Curtis, Emily Byrne.</subfield>
            <subfield code="t">Chinese-Islamic works of art, 1644-1912</subfield>
            <subfield code="d">New York : Routledge, 2020</subfield>
            <subfield code="z">9781003000440</subfield>
            <subfield code="w">(DLC) 2019034979</subfield>
          </datafield>
        </record>
      </zs:recordData>
      <zs:recordPosition>2</zs:recordPosition>
    </zs:record>