
    <zs:record>
      <zs:recordSchema/>
      <zs:recordPacking>xml</zs:recordPacking>
      <zs:recordData>
        <record xmlns="http://www.loc.gov/MARC21/slim">
          <leader>02158cam a2200361 a 4500</leader>
          <controlfield tag="001">15303414</controlfield>
          <controlfield tag="005">20170803162122.0</controlfield>
          <controlfield tag="008">080522s2009    enka     b    001 0 eng  </controlfield>
          <datafield tag="906" ind1=" " ind2=" ">
            <subfield code="a">7</subfield>
            <subfield code="b">cbc</subfield>
            <subfield code="c">orignew</subfield>
            <subfield code="d">1</subfield>
            <subfield code="e">ecip</subfield>
            <subfield code="f">20</subfield>
            <subfield code="g">y-gencatlg</subfield>
          </datafield>
          <datafield tag="925" ind1="0" ind2=" ">
            <subfield code="a">acquire</subfield>
            <subfield code="b">1 shelf copy</subfield>
            <subfield code="x">policy default</subfield>
          </datafield>
          <datafield tag="925" ind1="1" ind2=" ">
            <subfield code="a">acquire</subfield>
            <subfield code="b">2 shelf copies</subfield>
            <subfield code="x">policy default</subfield>
          </datafield>
          <datafield tag="955" ind1=" " ind2=" ">
            <subfield code="a">jh00 2008-05-22;</subfield>
            <subfield code="c">jh32 2008-05-22 to Subj.</subfield>
            <subfield code="d">jp18 2008-05-27</subfield>
            <subfield code="e">jp18 2008-05-27 to Dewey</subfield>
            <subfield code="a">aa07 2008-05-27</subfield>
            <subfield code="a">xe10 2009-03-20 1 copy rec'd., to CIP ver.</subfield>
            <subfield code="a">xh00 2009-03-26 to USPL/STM</subfield>
            <subfield code="f">xh14 2009-03-30 Z-CipVer</subfield>
            <subfield code="g">xh14 2009-03-30 to BCCD</subfield>
            <subfield code="a">re06 2009-05-08 cp. 2 to BCCD</subfield>
          </datafield>
          <datafield tag="010" ind1=" " ind2=" ">
            <subfield code="a">  2008023026</subfield>
          </datafield>
          <datafield tag="020" ind1=" " ind2=" ">
            <subfield code="a">9780754663164 (hardcover : alk. paper)</subfield>
          </datafield>
          <datafield tag="020" ind1=" " ind2=" ">
            <subfield code="a">0754663167 (hardcover : alk. paper)</subfield>
          </datafield>
          <datafield tag="035" ind1=" " ind2=" ">
            <subfield code="a">(OCoLC)229342589</subfield>
          </datafield>
          <datafield tag="040" ind1=" " ind2=" ">
            <subfield code="a">DLC</subfield>
            <subfield code="c">DLC</subfield>
            <subfield code="d">BTCTA</subfield>
            <subfield code="d">YDXCP</subfield>
            <subfield code="d">BWK</subfield>
            <subfield code="d">BWKUK</subfield>
            <subfield code="d">CDX</subfield>
            <subfield code="d">DLC</subfield>
          </datafield>
          <datafield tag="043" ind1=" " ind2=" ">
            <subfield code="a">a-ch---</subfield>
            <subfield code="a">e-it---</subfield>
          </datafield>
          <datafield tag="050" ind1="0" ind2="0">
            <subfield code="a">TP854.C6</subfield>
            <subfield code="b">C87 2009</subfield>
          </datafield>
          <datafield tag="082" ind1="0" ind2="0">
            <subfield code="a">666/.10951</subfield>
            <subfield code="2">22</subfield>
          </datafield>
          <datafield tag="100" ind1="1" ind2=" ">
            <subfield code="a">Curtis, Emily Byrne.</subfield>
          </datafield>
          <datafield tag="245" ind1="1" ind2="0">
            <subfield code="a">Glass exchange between Europe and China, 1550-1800 :</subfield>
            <subfield code="b">diplomatic, mercantile and technological interactions /</subfield>
            <subfield code="c">Emily Byrne Curtis.</subfield>
          </datafield>
          <datafield tag="260" ind1=" " ind2=" ">
            <subfield code="a">Farnham, England ;</subfield>
            <subfield code="a">Burlington, VT :</subfield>
            <subfield code="b">Ashgate,</subfield>
            <subfield code="c">c2009.</subfield>
          </datafield>
          <datafield tag="300" ind1=" " ind2=" ">
            <subfield code="a">xiv, 156 p. :</subfield>
            <subfield code="b">ill. (some col.) ;</subfield>
            <subfield code="c">24 cm.</subfield>
          </datafield>
          <datafield tag="440" ind1=" " ind2="0">
            <subfield code="a">Transculturalisms, 1400-1700</subfield>
          </datafield>
          <datafield tag="504" ind1=" " ind2=" ">
            <subfield code="a">Includes bibliographical references (p. [141]-150) and index.</subfield>
          </datafield>
          <datafield tag="505" ind1="0" ind2=" ">
            <subfield code="a">Introduction -- Wonder and desire : the glass was most beautiful -- New notions of seeing : mirrors and lenses -- Panes of glass : windows and paintings -- Diplomatic overtures : the Daren (great personage) from the Vatican -- Glass : "pieces as beautiful as our aventurine" -- Cristalli : four cases of precious glass -- "White gold" : a magical substance -- Enamel materials : a technological transfer -- Carrying treasure to China : the Albion.</subfield>
          </datafield>
          <datafield tag="650" ind1=" " ind2="0">
            <subfield code="a">Glass manufacture</subfield>
            <subfield code="z">China</subfield>
            <subfield code="x">History.</subfield>
          </datafield>
          <datafield tag="650" ind1=" " ind2="0">
            <subfield code="a">Glass manufacture</subfield>
            <subfield code="z">Italy</subfield>
            <subfield code="z">Venice</subfield>
            <subfield code="x">History.</subfield>
          </datafield>
          <datafield tag="650" ind1=" " ind2="0">
            <subfield code="a">Enameled glass</subfield>
            <subfield code="z">Italy</subfield>
            <subfield code="z">Venice</subfield>
            <subfield code="x">History.</subfield>
          </datafield>
          <datafield tag="650" ind1=" " ind2="0">
            <subfield code="a">Glass trade</subfield>
            <subfield code="z">China</subfield>
            <subfield code="x">History.</subfield>
          </datafield>
          <datafield tag="650" ind1=" " ind2="0">
            <subfield code="a">Glass trade</subfield>
            <subfield code="z">Italy</subfield>
            <subfield code="z">Venice</subfield>
            <subfield code="x">History.</subfield>
          </datafield>
          <datafield tag="856" ind1="4" ind2="1">
            <subfield code="3">Table of contents only</subfield>
            <subfield code="u">http://www.loc.gov/catdir/toc/ecip0819/2008023026.html</subfield>
          </datafield>
        </record>
      </zs:recordData>
      <zs:recordPosition>4</zs:recordPosition>
    </zs:record>