
    <zs:record>
      <zs:recordSchema/>
      <zs:recordPacking>xml</zs:recordPacking>
      <zs:recordData>
        <record xmlns="http://www.loc.gov/MARC21/slim">
          <leader>04567cam a22005295i 4500</leader>
          <controlfield tag="001">22387899</controlfield>
          <controlfield tag="005">20220119110655.0</controlfield>
          <controlfield tag="008">220119s2019    ja a          000 0 eng d</controlfield>
          <datafield tag="906" ind1=" " ind2=" ">
            <subfield code="a">0</subfield>
            <subfield code="b">ibc</subfield>
            <subfield code="c">copycat</subfield>
            <subfield code="d">2</subfield>
            <subfield code="e">ncip</subfield>
            <subfield code="f">20</subfield>
            <subfield code="g">y-gencatlg</subfield>
          </datafield>
          <datafield tag="925" ind1="0" ind2=" ">
            <subfield code="a">acquire</subfield>
            <subfield code="b">1 shelf copy</subfield>
            <subfield code="x">policy default</subfield>
          </datafield>
          <datafield tag="955" ind1=" " ind2=" ">
            <subfield code="b">xk18 2022-01-19 z-processor</subfield>
            <subfield code="a">xk18 2022-01-19 distribution to copycat</subfield>
          </datafield>
          <datafield tag="010" ind1=" " ind2=" ">
            <subfield code="a">  2021351698</subfield>
          </datafield>
          <datafield tag="020" ind1=" " ind2=" ">
            <subfield code="a">9780804852449</subfield>
            <subfield code="q">paperback</subfield>
          </datafield>
          <datafield tag="020" ind1=" " ind2=" ">
            <subfield code="a">0804852448</subfield>
            <subfield code="q">paperback</subfield>
          </datafield>
          <datafield tag="035" ind1=" " ind2=" ">
            <subfield code="a">(OCoLC)on1083706507</subfield>
          </datafield>
          <datafield tag="040" ind1=" " ind2=" ">
            <subfield code="a">YDX</subfield>
            <subfield code="b">eng</subfield>
            <subfield code="c">YDX</subfield>
            <subfield code="e">rda</subfield>
            <subfield code="d">TP7</subfield>
            <subfield code="d">OCLCF</subfield>
            <subfield code="d">ON8</subfield>
            <subfield code="d">OCL</subfield>
            <subfield code="d">IEB</subfield>
            <subfield code="d">YDX</subfield>
            <subfield code="d">OCLCO</subfield>
            <subfield code="d">VP@</subfield>
            <subfield code="d">CLE</subfield>
            <subfield code="d">OCL</subfield>
            <subfield code="d">VT2</subfield>
            <subfield code="d">OCL</subfield>
            <subfield code="d">AUPTL</subfield>
            <subfield code="d">DLC</subfield>
          </datafield>
          <datafield tag="042" ind1=" " ind2=" ">
            <subfield code="a">lccopycat</subfield>
          </datafield>
          <datafield tag="082" ind1="0" ind2="4">
            <subfield code="a">495.7</subfield>
            <subfield code="2">23</subfield>
          </datafield>
          <datafield tag="097" ind1="0" ind2="0">
            <subfield code="a">PL913</subfield>
            <subfield code="b">.K536 2019</subfield>
          </datafield>
          <datafield tag="100" ind1="1" ind2=" ">
            <subfield code="a">Kim, Soohee,</subfield>
            <subfield code="e">author.</subfield>
          </datafield>
          <datafield tag="245" ind1="1" ind2="0">
            <subfield code="a">Basic Korean :</subfield>
            <subfield code="b">learn to speak Korean in 19 easy lessons /</subfield>
            <subfield code="c">Soohee Kim, Emily Curtis &amp; Haewon Cho.</subfield>
          </datafield>
          <datafield tag="246" ind1="3" ind2="0">
            <subfield code="a">Learn to speak Korean in 19 easy lessons</subfield>
          </datafield>
          <datafield tag="250" ind1=" " ind2=" ">
            <subfield code="a">First Tuttle editon.</subfield>
          </datafield>
          <datafield tag="264" ind1=" " ind2="1">
            <subfield code="a">Tokyo ;</subfield>
            <subfield code="a">Rutland, Vermont ;</subfield>
            <subfield code="a">Singapore :</subfield>
            <subfield code="b">Tuttle Publishing,</subfield>
            <subfield code="c">2019.</subfield>
          </datafield>
          <datafield tag="264" ind1=" " ind2="4">
            <subfield code="c">© 2019</subfield>
          </datafield>
          <datafield tag="300" ind1=" " ind2=" ">
            <subfield code="a">320 pages :</subfield>
            <subfield code="b">illustrations ;</subfield>
            <subfield code="c">23 cm</subfield>
          </datafield>
          <datafield tag="336" ind1=" " ind2=" ">
            <subfield code="a">text</subfield>
            <subfield code="b">txt</subfield>
            <subfield code="2">rdacontent</subfield>
          </datafield>
          <datafield tag="337" ind1=" " ind2=" ">
            <subfield code="a">unmediated</subfield>
            <subfield code="b">n</subfield>
            <subfield code="2">rdamedia</subfield>
          </datafield>
          <datafield tag="338" ind1=" " ind2=" ">
            <subfield code="a">volume</subfield>
            <subfield code="b">nc</subfield>
            <subfield code="2">rdacarrier</subfield>
          </datafield>
          <datafield tag="505" ind1="0" ind2=" ">
            <subfield code="a">Introduction -- Lesson 1. The alphabet -- Lesson 2. Introducing yourself -- Lesson 3. Getting to know your friends -- Lesson 4. Accepting invitations -- Lesson 5. Getting around in a building -- Lesson 6. Talking about housing and neighborhood -- Lesson 7. Going shopping -- Lesson 8. Inviting friends to a Noraebang -- Lesson 9. Around town -- Lesson 10. Seeing a doctor -- Lesson 11. Dining out and in -- Lesson 12. Getting a haircut -- Lesson 13. Visiting a dry sauna spa -- Lesson 14. Shopping and haggling -- Lesson 15. Going out with friends -- Lesson 16. Talking casually -- Lesson 17. Hanging out at a friend's house -- Lesson 18. Getting out of town -- Lesson 19. Talking respectfully -- English-Korean dictionary -- Korean-English dictionary.</subfield>
          </datafield>
          <datafield tag="520" ind1=" " ind2=" ">
            <subfield code="a">"Basic Korean provides everything you need to learn Korean quickly and easily. It offers authentic, real-life conversations by Korean native speakers, everyday vocabulary and expressions, easy-to-understand grammar explanations, notes on social etiquette, and much more! The materials are structured so that beginning students can start communicating from the very first lesson." -- Back cover.</subfield>
          </datafield>
          <datafield tag="520" ind1=" " ind2=" ">
            <subfield code="a">"With an emphasis on practical daily communication, Basic Korean is a great introduction to those looking to learn the language&amp;;whether on their own or with a teacher. Learn Korean quickly and easily with the help of real-life conversations by native speakers, everyday Korean vocabulary and expressions, easy-to-understand grammar explanations, notes on social etiquette for those traveling to Korea and so much more! With the help of 19 individual lessons, free online audio recordings, lively manga illustrations, comprehensive vocabulary lists and a bi-directional English-Korean/Korean-English dictionary, students get a complete overview of this exceedingly-popular language with the help of this book. Each self-contained lesson contains the following key elements: Authentic conversations to introduce new words and expressions ; Vocabulary lists with an emphasis on everyday words and phrases ; Simple notes explaining how to form sentences ; Practice drills and exercises to help internalize what you have learned ; Cultural notes explaining dos and don'ts, honorific language, etc. ; Native speaker audio recordings to help with pronunciation. Whether used for self study or in a formal classroom setting, Basic Korean allows you to begin communicating from the very first lesson!" --</subfield>
            <subfield code="c">Provided by publisher.</subfield>
          </datafield>
          <datafield tag="650" ind1=" " ind2="0">
            <subfield code="a">Korean language</subfield>
            <subfield code="v">Conversation and phrase books</subfield>
            <subfield code="x">English.</subfield>
          </datafield>
          <datafield tag="650" ind1=" " ind2="0">
            <subfield code="a">Korean language</subfield>
            <subfield code="v">Textbooks for foreign speakers</subfield>
            <subfield code="x">English.</subfield>
          </datafield>
          <datafield tag="650" ind1=" " ind2="0">
            <subfield code="a">Korean language</subfield>
            <subfield code="v">Self-instruction.</subfield>
          </datafield>
          <datafield tag="650" ind1=" " ind2="7">
            <subfield code="a">Korean language.</subfield>
            <subfield code="2">fast</subfield>
            <subfield code="0">(OCoLC)fst00988693</subfield>
          </datafield>
          <datafield tag="655" ind1=" " ind2="7">
            <subfield code="a">Textbooks.</subfield>
            <subfield code="2">fast</subfield>
            <subfield code="0">(OCoLC)fst01423863</subfield>
          </datafield>
          <datafield tag="655" ind1=" " ind2="7">
            <subfield code="a">Programmed instructional materials.</subfield>
            <subfield code="2">fast</subfield>
            <subfield code="0">(OCoLC)fst01423785</subfield>
          </datafield>
          <datafield tag="655" ind1=" " ind2="7">
            <subfield code="a">Phrase books.</subfield>
            <subfield code="2">fast</subfield>
            <subfield code="0">(OCoLC)fst01920778</subfield>
          </datafield>
          <datafield tag="655" ind1=" " ind2="7">
            <subfield code="a">Self-instruction.</subfield>
            <subfield code="2">fast</subfield>
            <subfield code="0">(OCoLC)fst01423884</subfield>
          </datafield>
          <datafield tag="655" ind1=" " ind2="7">
            <subfield code="a">Textbooks</subfield>
            <subfield code="v">for English speakers.</subfield>
            <subfield code="2">fast</subfield>
            <subfield code="0">(OCoLC)fst01423865</subfield>
          </datafield>
          <datafield tag="655" ind1=" " ind2="7">
            <subfield code="a">Conversation and phrase books.</subfield>
            <subfield code="2">fast</subfield>
            <subfield code="0">(OCoLC)fst01423775</subfield>
          </datafield>
          <datafield tag="655" ind1=" " ind2="7">
            <subfield code="a">Phrase books.</subfield>
            <subfield code="2">lcgft</subfield>
          </datafield>
          <datafield tag="655" ind1=" " ind2="7">
            <subfield code="a">Textbooks.</subfield>
            <subfield code="2">lcgft</subfield>
          </datafield>
          <datafield tag="655" ind1=" " ind2="7">
            <subfield code="a">Programmed instructional materials.</subfield>
            <subfield code="2">lcgft</subfield>
          </datafield>
          <datafield tag="700" ind1="1" ind2=" ">
            <subfield code="a">Curtis, Emily,</subfield>
            <subfield code="e">author.</subfield>
          </datafield>
          <datafield tag="700" ind1="1" ind2=" ">
            <subfield code="a">Cho, Haewon,</subfield>
            <subfield code="e">author.</subfield>
          </datafield>
        </record>
      </zs:recordData>
      <zs:recordPosition>6</zs:recordPosition>
    </zs:record>