
    <zs:record>
      <zs:recordSchema/>
      <zs:recordPacking>xml</zs:recordPacking>
      <zs:recordData>
        <record xmlns="http://www.loc.gov/MARC21/slim">
          <leader>02368cam a2200481 i 4500</leader>
          <controlfield tag="001">19802847</controlfield>
          <controlfield tag="005">20200212192110.0</controlfield>
          <controlfield tag="008">170720t20172017ja a          001 0 eng d</controlfield>
          <datafield tag="906" ind1=" " ind2=" ">
            <subfield code="a">7</subfield>
            <subfield code="b">cbc</subfield>
            <subfield code="c">copycat</subfield>
            <subfield code="d">2</subfield>
            <subfield code="e">ncip</subfield>
            <subfield code="f">20</subfield>
            <subfield code="g">y-gencatlg</subfield>
          </datafield>
          <datafield tag="925" ind1="0" ind2=" ">
            <subfield code="a">acquire</subfield>
            <subfield code="b">1 shelf copy</subfield>
            <subfield code="x">policy default</subfield>
          </datafield>
          <datafield tag="955" ind1=" " ind2=" ">
            <subfield code="b">xk25 2018-07-25 z-processor</subfield>
            <subfield code="a">xk02 2018-12-11, additional copy sent to discard (B03)</subfield>
            <subfield code="i">xk06 2020-02-12 to BCCD</subfield>
          </datafield>
          <datafield tag="010" ind1=" " ind2=" ">
            <subfield code="a">  2017949656</subfield>
          </datafield>
          <datafield tag="020" ind1=" " ind2=" ">
            <subfield code="a">9780804849210</subfield>
            <subfield code="q">(paperback)</subfield>
          </datafield>
          <datafield tag="020" ind1=" " ind2=" ">
            <subfield code="a">0804849218</subfield>
            <subfield code="q">(paperback)</subfield>
          </datafield>
          <datafield tag="035" ind1=" " ind2=" ">
            <subfield code="a">(OCoLC)ocn970381471</subfield>
          </datafield>
          <datafield tag="040" ind1=" " ind2=" ">
            <subfield code="a">YDX</subfield>
            <subfield code="b">eng</subfield>
            <subfield code="c">YDX</subfield>
            <subfield code="e">rda</subfield>
            <subfield code="d">ZQP</subfield>
            <subfield code="d">OCLCF</subfield>
            <subfield code="d">BKL</subfield>
            <subfield code="d">YDX</subfield>
            <subfield code="d">IMD</subfield>
            <subfield code="d">NZAUC</subfield>
            <subfield code="d">VP@</subfield>
            <subfield code="d">IGA</subfield>
            <subfield code="d">PCX</subfield>
            <subfield code="d">OQX</subfield>
            <subfield code="d">DLC</subfield>
          </datafield>
          <datafield tag="042" ind1=" " ind2=" ">
            <subfield code="a">lccopycat</subfield>
          </datafield>
          <datafield tag="050" ind1="0" ind2="0">
            <subfield code="a">PL914.6.E55</subfield>
            <subfield code="b">K559 2017</subfield>
          </datafield>
          <datafield tag="082" ind1="0" ind2="4">
            <subfield code="a">495.782421</subfield>
            <subfield code="2">23</subfield>
          </datafield>
          <datafield tag="082" ind1="0" ind2="4">
            <subfield code="a">495.75</subfield>
            <subfield code="2">23</subfield>
          </datafield>
          <datafield tag="100" ind1="1" ind2=" ">
            <subfield code="a">Kim, Soohee,</subfield>
            <subfield code="e">author.</subfield>
          </datafield>
          <datafield tag="245" ind1="1" ind2="0">
            <subfield code="a">Korean grammar :</subfield>
            <subfield code="b">the complete guide to speaking Korean naturally /</subfield>
            <subfield code="c">Soohee Kim, Emily Curtis and Haewon Cho.</subfield>
          </datafield>
          <datafield tag="264" ind1=" " ind2="1">
            <subfield code="a">Tokyo :</subfield>
            <subfield code="b">Tuttle Publishing,</subfield>
            <subfield code="c">[2017]</subfield>
          </datafield>
          <datafield tag="264" ind1=" " ind2="4">
            <subfield code="c">©2017</subfield>
          </datafield>
          <datafield tag="300" ind1=" " ind2=" ">
            <subfield code="a">640 pages :</subfield>
            <subfield code="b">illustrations ;</subfield>
            <subfield code="c">23 cm.</subfield>
          </datafield>
          <datafield tag="336" ind1=" " ind2=" ">
            <subfield code="a">text</subfield>
            <subfield code="b">txt</subfield>
            <subfield code="2">rdacontent</subfield>
          </datafield>
          <datafield tag="337" ind1=" " ind2=" ">
            <subfield code="a">unmediated</subfield>
            <subfield code="b">n</subfield>
            <subfield code="2">rdamedia</subfield>
          </datafield>
          <datafield tag="338" ind1=" " ind2=" ">
            <subfield code="a">volume</subfield>
            <subfield code="b">nc</subfield>
            <subfield code="2">rdacarrier</subfield>
          </datafield>
          <datafield tag="504" ind1=" " ind2=" ">
            <subfield code="a">Includes indexes.</subfield>
          </datafield>
          <datafield tag="546" ind1=" " ind2=" ">
            <subfield code="a">Text in English and Korean with English translations.</subfield>
          </datafield>
          <datafield tag="505" ind1="0" ind2=" ">
            <subfield code="a">Introduction -- 1. The Korean alphabet -- 2. Pronunciation rules and spelling -- 3. Parts of speech &amp; sentence structure -- 4. Particles -- 5. Nouns -- 6. Verbs -- 7. Sentence endings -- 8. Complex sentences -- 9. Verb derivations -- 10. Embedded sentences.</subfield>
          </datafield>
          <datafield tag="520" ind1=" " ind2=" ">
            <subfield code="a">Each chapter provides clear grammatical explanations with charts and examples for each construction, showing how it is used in various contexts.</subfield>
          </datafield>
          <datafield tag="650" ind1=" " ind2="0">
            <subfield code="a">Korean language</subfield>
            <subfield code="x">Grammar.</subfield>
          </datafield>
          <datafield tag="650" ind1=" " ind2="0">
            <subfield code="a">Korean language</subfield>
            <subfield code="v">Textbooks for foreign speakers</subfield>
            <subfield code="x">English.</subfield>
          </datafield>
          <datafield tag="650" ind1=" " ind2="7">
            <subfield code="a">FOREIGN LANGUAGE STUDY / Korean.</subfield>
            <subfield code="2">bisacsh</subfield>
          </datafield>
          <datafield tag="650" ind1=" " ind2="7">
            <subfield code="a">LANGUAGE ARTS &amp; DISCIPLINES / Alphabets &amp; Writing Systems.</subfield>
            <subfield code="2">bisacsh</subfield>
          </datafield>
          <datafield tag="650" ind1=" " ind2="7">
            <subfield code="a">LANGUAGE ARTS &amp; DISCIPLINES / Grammar &amp; Punctuation.</subfield>
            <subfield code="2">bisacsh</subfield>
          </datafield>
          <datafield tag="650" ind1=" " ind2="7">
            <subfield code="a">Korean language.</subfield>
            <subfield code="2">fast</subfield>
            <subfield code="0">(OCoLC)fst00988693</subfield>
          </datafield>
          <datafield tag="650" ind1=" " ind2="7">
            <subfield code="a">Korean language</subfield>
            <subfield code="x">Grammar.</subfield>
            <subfield code="2">fast</subfield>
            <subfield code="0">(OCoLC)fst00988735</subfield>
          </datafield>
          <datafield tag="655" ind1=" " ind2="7">
            <subfield code="a">Textbooks</subfield>
            <subfield code="v">for English speakers.</subfield>
            <subfield code="2">fast</subfield>
            <subfield code="0">(OCoLC)fst01423865</subfield>
          </datafield>
          <datafield tag="700" ind1="1" ind2=" ">
            <subfield code="a">Curtis, Emily,</subfield>
            <subfield code="e">author.</subfield>
          </datafield>
          <datafield tag="700" ind1="1" ind2=" ">
            <subfield code="a">Cho, Haewon,</subfield>
            <subfield code="e">author.</subfield>
          </datafield>
          <datafield tag="955" ind1=" " ind2=" ">
            <subfield code="a">pc17 2017-07-20</subfield>
            <subfield code="a">xn11 2018-07-25 1 copy rec'd., to USPRLL</subfield>
          </datafield>
        </record>
      </zs:recordData>
      <zs:recordPosition>7</zs:recordPosition>
    </zs:record>
  </zs:records>
  <zs:echoedSearchRetrieveRequest>
    <zs:version>1.1</zs:version>
    <zs:query>dc.creator="Tite, Emily" or dc.creator="Curtis, Emily"</zs:query>
    <zs:maximumRecords>100</zs:maximumRecords>
    <zs:recordPacking>xml</zs:recordPacking>
  </zs:echoedSearchRetrieveRequest>
</zs:searchRetrieveResponse>
